
@article{
  Qian1997,
  title={Federalism as a commitment to preserving market incentives},
  volume={11},
  ISSN={0895-3309},
  url={https://pubs.aeaweb.org/doi/10.1257/jep.11.4.83},
  DOI={DOI: 10.1257/jep.11.4.83},
  note={Read_Status: Not Reading Read_Status_Date: 2024-03-29T13:17:35.693Z},
  number={4},
  journal={Journal of Economic Perspectives},
  author={Qian, Yingyi and Weingast, Barry R},
  year={1997},
  month={Nov},
pages={83â€“92} }
